@inproceedings{derakhshan2021LICS,
  title={Session logical relations for noninterference},
  author={Derakhshan, Farzaneh and Balzer, Stephanie and Jia, Limin},
  booktitle={2021 36th Annual ACM/IEEE Symposium on Logic in Computer Science (LICS)},
  pages={1--14},
  year={2021},
  organization={IEEE}
}